
 
@misc{pyexamsgit,
    author    = "PyExams authors",
    title     = "Git vcs home page de pyexams",
    url       = "https://framagit.org/pang/pyexams"
}

